@Book{agile_principles_patterns_and_practices_in_cSharp,
	title = {Agile. Programowanie zwinne: zasady, wzorce i praktyki zwinnego wytwarzania oprogramowania w C\#},
	author = {Robert C. Martin, Micah Martin},
	isbn = {9788328355675},
	publisher = {Helion},
	year = {2018},
}

@online{refactoring_guru,
	ALTauthor = {Alexander Shvets},
	title = {Refactoring.Guru},
	url = {https://refactoring.guru/},
}